@misc{reuel2025openproblemstechnicalai,
      title={Open Problems in Technical AI Governance}, 
      author={Anka Reuel and Ben Bucknall and Stephen Casper and Tim Fist and Lisa Soder and Onni Aarne and Lewis Hammond and Lujain Ibrahim and Alan Chan and Peter Wills and Markus Anderljung and Ben Garfinkel and Lennart Heim and Andrew Trask and Gabriel Mukobi and Rylan Schaeffer and Mauricio Baker and Sara Hooker and Irene Solaiman and Alexandra Sasha Luccioni and Nitarshan Rajkumar and Nicolas Moës and Jeffrey Ladish and David Bau and Paul Bricman and Neel Guha and Jessica Newman and Yoshua Bengio and Tobin South and Alex Pentland and Sanmi Koyejo and Mykel J. Kochenderfer and Robert Trager},
      year={2025},
      eprint={2407.14981},
      archivePrefix={arXiv},
      primaryClass={cs.CY},
      url={https://arxiv.org/abs/2407.14981}, 
}

@misc{cloud2024gradientroutingmaskinggradients,
      title={Gradient Routing: Masking Gradients to Localize Computation in Neural Networks}, 
      author={Alex Cloud and Jacob Goldman-Wetzler and Evžen Wybitul and Joseph Miller and Alexander Matt Turner},
      year={2024},
      eprint={2410.04332},
      archivePrefix={arXiv},
      primaryClass={cs.LG},
      url={https://arxiv.org/abs/2410.04332}, 
}

@misc{kumar2025freelunchguardrails,
      title={No Free Lunch with Guardrails}, 
      author={Divyanshu Kumar and Nitin Aravind Birur and Tanay Baswa and Sahil Agarwal and Prashanth Harshangi},
      year={2025},
      eprint={2504.00441},
      archivePrefix={arXiv},
      primaryClass={cs.CR},
      url={https://arxiv.org/abs/2504.00441}, 
}

@misc{handa2025economictasksperformedai,
      title={Which Economic Tasks are Performed with AI? Evidence from Millions of Claude Conversations}, 
      author={Kunal Handa and Alex Tamkin and Miles McCain and Saffron Huang and Esin Durmus and Sarah Heck and Jared Mueller and Jerry Hong and Stuart Ritchie and Tim Belonax and Kevin K. Troy and Dario Amodei and Jared Kaplan and Jack Clark and Deep Ganguli},
      year={2025},
      eprint={2503.04761},
      archivePrefix={arXiv},
      primaryClass={cs.CY},
      url={https://arxiv.org/abs/2503.04761}, 
}

@misc{sharma2025constitutionalclassifiersdefendinguniversal,
      title={Constitutional Classifiers: Defending against Universal Jailbreaks across Thousands of Hours of Red Teaming}, 
      author={Mrinank Sharma and Meg Tong and Jesse Mu and Jerry Wei and Jorrit Kruthoff and Scott Goodfriend and Euan Ong and Alwin Peng and Raj Agarwal and Cem Anil and Amanda Askell and Nathan Bailey and Joe Benton and Emma Bluemke and Samuel R. Bowman and Eric Christiansen and Hoagy Cunningham and Andy Dau and Anjali Gopal and Rob Gilson and Logan Graham and Logan Howard and Nimit Kalra and Taesung Lee and Kevin Lin and Peter Lofgren and Francesco Mosconi and Clare O'Hara and Catherine Olsson and Linda Petrini and Samir Rajani and Nikhil Saxena and Alex Silverstein and Tanya Singh and Theodore Sumers and Leonard Tang and Kevin K. Troy and Constantin Weisser and Ruiqi Zhong and Giulio Zhou and Jan Leike and Jared Kaplan and Ethan Perez},
      year={2025},
      eprint={2501.18837},
      archivePrefix={arXiv},
      primaryClass={cs.CL},
      url={https://arxiv.org/abs/2501.18837}, 
}

@misc{maini2025safetypretraininggenerationsafe,
      title={Safety Pretraining: Toward the Next Generation of Safe AI}, 
      author={Pratyush Maini and Sachin Goyal and Dylan Sam and Alex Robey and Yash Savani and Yiding Jiang and Andy Zou and Zacharcy C. Lipton and J. Zico Kolter},
      year={2025},
      eprint={2504.16980},
      archivePrefix={arXiv},
      primaryClass={cs.LG},
      url={https://arxiv.org/abs/2504.16980}, 
}

@misc{christiano2023deepreinforcementlearninghuman,
      title={Deep reinforcement learning from human preferences}, 
      author={Paul Christiano and Jan Leike and Tom B. Brown and Miljan Martic and Shane Legg and Dario Amodei},
      year={2023},
      eprint={1706.03741},
      archivePrefix={arXiv},
      primaryClass={stat.ML},
      url={https://arxiv.org/abs/1706.03741}, 
}

@misc{zeng2024johnnypersuadellmsjailbreak,
      title={How Johnny Can Persuade LLMs to Jailbreak Them: Rethinking Persuasion to Challenge AI Safety by Humanizing LLMs}, 
      author={Yi Zeng and Hongpeng Lin and Jingwen Zhang and Diyi Yang and Ruoxi Jia and Weiyan Shi},
      year={2024},
      eprint={2401.06373},
      archivePrefix={arXiv},
      primaryClass={cs.CL},
      url={https://arxiv.org/abs/2401.06373}, 
}

@misc{glukhov2024breachthousandleaksunsafe,
      title={Breach By A Thousand Leaks: Unsafe Information Leakage in `Safe' AI Responses}, 
      author={David Glukhov and Ziwen Han and Ilia Shumailov and Vardan Papyan and Nicolas Papernot},
      year={2024},
      eprint={2407.02551},
      archivePrefix={arXiv},
      primaryClass={cs.CR},
      url={https://arxiv.org/abs/2407.02551}, 
}

@misc{liu2024rethinkingmachineunlearninglarge,
      title={Rethinking Machine Unlearning for Large Language Models}, 
      author={Sijia Liu and Yuanshun Yao and Jinghan Jia and Stephen Casper and Nathalie Baracaldo and Peter Hase and Yuguang Yao and Chris Yuhao Liu and Xiaojun Xu and Hang Li and Kush R. Varshney and Mohit Bansal and Sanmi Koyejo and Yang Liu},
      year={2024},
      eprint={2402.08787},
      archivePrefix={arXiv},
      primaryClass={cs.LG},
      url={https://arxiv.org/abs/2402.08787}, 
}

@misc{barez2025openproblemsmachineunlearning,
      title={Open Problems in Machine Unlearning for AI Safety}, 
      author={Fazl Barez and Tingchen Fu and Ameya Prabhu and Stephen Casper and Amartya Sanyal and Adel Bibi and Aidan O'Gara and Robert Kirk and Ben Bucknall and Tim Fist and Luke Ong and Philip Torr and Kwok-Yan Lam and Robert Trager and David Krueger and Sören Mindermann and José Hernandez-Orallo and Mor Geva and Yarin Gal},
      year={2025},
      eprint={2501.04952},
      archivePrefix={arXiv},
      primaryClass={cs.LG},
      url={https://arxiv.org/abs/2501.04952}, 
}

@misc{deeb2025unlearningmethodsremoveinformation,
      title={Do Unlearning Methods Remove Information from Language Model Weights?}, 
      author={Aghyad Deeb and Fabien Roger},
      year={2025},
      eprint={2410.08827},
      archivePrefix={arXiv},
      primaryClass={cs.LG},
      url={https://arxiv.org/abs/2410.08827}, 
}

@misc{jin2024jailbreakinglargelanguagemodels,
      title={Jailbreaking Large Language Models Against Moderation Guardrails via Cipher Characters}, 
      author={Haibo Jin and Andy Zhou and Joe D. Menke and Haohan Wang},
      year={2024},
      eprint={2405.20413},
      archivePrefix={arXiv},
      primaryClass={cs.CR},
      url={https://arxiv.org/abs/2405.20413}, 
}

@misc{inan2023llamaguardllmbasedinputoutput,
      title={Llama Guard: LLM-based Input-Output Safeguard for Human-AI Conversations}, 
      author={Hakan Inan and Kartikeya Upasani and Jianfeng Chi and Rashi Rungta and Krithika Iyer and Yuning Mao and Michael Tontchev and Qing Hu and Brian Fuller and Davide Testuggine and Madian Khabsa},
      year={2023},
      eprint={2312.06674},
      archivePrefix={arXiv},
      primaryClass={cs.CL},
      url={https://arxiv.org/abs/2312.06674}, 
}

@misc{russinovich2025greatwritearticlethat,
      title={Great, Now Write an Article About That: The Crescendo Multi-Turn LLM Jailbreak Attack}, 
      author={Mark Russinovich and Ahmed Salem and Ronen Eldan},
      year={2025},
      eprint={2404.01833},
      archivePrefix={arXiv},
      primaryClass={cs.CR},
      url={https://arxiv.org/abs/2404.01833}, 
}

@techreport{NIST_AI_800_1_ipd_2024,
  title        = {Managing Misuse Risk for Dual-Use Foundation Models},
  type         = {Initial Public Draft},
  number       = {NIST AI 800-1},
  institution  = {U.S. AI Safety Institute},
  author  = {{U.S. AI Safety Institute}},
  address      = {Gaithersburg, MD},
  month        = {July},
  year         = {2024},
  doi          = {10.6028/NIST.AI.800-1.ipd},
  url          = {https://doi.org/10.6028/NIST.AI.800-1.ipd}
}

@misc{zhang2025outputconstraintsattacksurface,
      title={Output Constraints as Attack Surface: Exploiting Structured Generation to Bypass LLM Safety Mechanisms}, 
      author={Shuoming Zhang and Jiacheng Zhao and Ruiyuan Xu and Xiaobing Feng and Huimin Cui},
      year={2025},
      eprint={2503.24191},
      archivePrefix={arXiv},
      primaryClass={cs.CR},
      url={https://arxiv.org/abs/2503.24191}, 
}

@misc{bailey2025obfuscatedactivationsbypassllm,
      title={Obfuscated Activations Bypass LLM Latent-Space Defenses}, 
      author={Luke Bailey and Alex Serrano and Abhay Sheshadri and Mikhail Seleznyov and Jordan Taylor and Erik Jenner and Jacob Hilton and Stephen Casper and Carlos Guestrin and Scott Emmons},
      year={2025},
      eprint={2412.09565},
      archivePrefix={arXiv},
      primaryClass={cs.LG},
      url={https://arxiv.org/abs/2412.09565}, 
}

@misc{cunningham2023sparseautoencodershighlyinterpretable,
      title={Sparse Autoencoders Find Highly Interpretable Features in Language Models}, 
      author={Hoagy Cunningham and Aidan Ewart and Logan Riggs and Robert Huben and Lee Sharkey},
      year={2023},
      eprint={2309.08600},
      archivePrefix={arXiv},
      primaryClass={cs.LG},
      url={https://arxiv.org/abs/2309.08600}, 
}

@article{butler1974,
author = {Lampson, Butler},
year = {1974},
month = {01},
pages = {18-24},
title = {Protection},
volume = {8},
journal = {ACM SIGOPS Operating Systems Review},
doi = {10.1145/775265.775268}
}

@ARTICLE{1451869,
  author={Saltzer, J.H. and Schroeder, M.D.},
  journal={Proceedings of the IEEE}, 
  title={The protection of information in computer systems}, 
  year={1975},
  volume={63},
  number={9},
  pages={1278-1308},
  keywords={Protection;Authorization;Permission;Access control;Terminology;Data security;Information security;Computer architecture;Modems},
  doi={10.1109/PROC.1975.9939}}

@misc{glukhov2023llmcensorshipmachinelearning,
      title={LLM Censorship: A Machine Learning Challenge or a Computer Security Problem?}, 
      author={David Glukhov and Ilia Shumailov and Yarin Gal and Nicolas Papernot and Vardan Papyan},
      year={2023},
      eprint={2307.10719},
      archivePrefix={arXiv},
      primaryClass={cs.AI},
      url={https://arxiv.org/abs/2307.10719}, 
}

@misc{engels2025scalinglawsscalableoversight,
      title={Scaling Laws For Scalable Oversight}, 
      author={Joshua Engels and David D. Baek and Subhash Kantamneni and Max Tegmark},
      year={2025},
      eprint={2504.18530},
      archivePrefix={arXiv},
      primaryClass={cs.AI},
      url={https://arxiv.org/abs/2504.18530}, 
}

@techreport{FATF2025,
  title        = {International Standards on Combating Money Laundering, Terrorist Financing and Proliferation — The FATF Recommendations},
  institution  = {Financial Action Task Force (FATF)},
  author  = {{Financial Action Task Force (FATF)}},
  address      = {Paris},
  year         = {2025},
  month        = feb,
  note         = {Adopted 2012; updated February 2025},
  url          = {https://www.fatf-gafi.org/en/publications/Fatfrecommendations/Fatf-recommendations.html}
}